@MISC{cacti,
  howpublished={\\\url{http://www.cacti.net/}},
  title={Cacti, the complete rrdtool-based graphing solution},
  organization={The Cacti Group},
  year=2010,
  month=nov
}
@MISC{rrdtool,
  author={Tobias Oetiker},
  howpublished={\\\url{http://oss.oetiker.ch/rrdtool/}},
  title={Tobi Oetiker's RRDtool},
  organization={Tobias Oetiker - Oetiker+Partner AG},
  year=2010,
  month=nov
}
@MISC{smokeping,
  author={Tobias Oetiker},
  howpublished={\\\url{http://oss.oetiker.ch/smokeping/}},
  title={Tobi Oetiker's SmokePing},
  organization={Tobias Oetiker - Oetiker+Partner AG},
  year=2010,
  month=nov
}
@MISC{mrtg,
  author={Tobias Oetiker},
  howpublished={\\\url{http://oss.oetiker.ch/mrtg/}},
  title={Tobi Oetiker's MRTG - The Multi Router Traffic Grapher},
  organization={Tobias Oetiker - Oetiker+Partner AG},
  year=2010,
  month=nov
}
@MISC{fping,
  author={Thomas Dzubin},
  howpublished={\\\url{http://www.fping.com/}},
  title={FPing ist ein \"ahnliches Programm wie Ping, jedoch k\"onnen mehrere Hosts und ECHO-Requests gleichzeitig abgesetzt werden. FPing ist ausgelegt f\"ur den Einsatz in Scrips, die Ausgabe ist sehr leicht zu parsen.},
  organization={Maintained by Thomas Dzubin on SourceForge.net},
  year=2010,
  month=nov
}
@MISC{zenoss,
  howpublished={\\\url{http://community.zenoss.org/}},
  title={Opensource Monitoring und System-Management Software},
  organization={Zenoss Inc.},
  year=2010,
  month=nov
}
@MISC{zabbix,
  howpublished={\\\url{http://www.zabbix.com/}},
  title={Agent-Basiertes Opensource Enterprise Monitoring System inklusive Auto-Discovery},
  organization={Zabbix SIA},
  year=2010,
  month=nov
}
@MISC{nagios,
  howpublished={\\\url{http://www.nagios.com/products/nagioscore}},
  title={Professionelles IT-Management System zur identifikation von Problemnen und deren L\"osung},
  organization={Nagios Enterprises},
  year=2010,
  month=nov
}
@MISC{whatsupgold,
  howpublished={\\\url{http://www.whatsupgold.com/}},
  title={Allumfassende Netzwerk- und Systemüberwachung für Windows-Server},
  organization={Ipswitch Inc.},
  year=2010,
  month=nov
}
@MISC{nedi,
  author={Remo Rickli},
  howpublished={\\\url{http://www.nedi.ch/}},
  title={Automatische Netzwerk-Visualisierung},
  organization={Remo Rickli - PSI},
  year=2010,
  month=nov
}
@MISC{openvpn,
  howpublished={\\\url{http://www.openvpn.net/}},
  title={OpenVPN ist eine Full-Featured open source SSL-VPN Lösung, lauffähig unter allen g\"angigen Betriebssystemen},
  organization={OpenVPN Technologies Inc.},
  year=2010,
  month=nov
}
@MISC{IPMItool,
  howpublished={\\\url{http://ipmitool.sourceforge.net/}},
  title={IPMItool ist ein Konsolen-Programm zur Kommunikation mit einem IPMI-System.},
  organization={Ducane Laurie},
  year=2007,
  month=apr
}
@MISC{OpenIPMI,
  howpublished={\\\url{http://openipmi.sourceforge.net/}},
  title={OpenIPMI sind verschiedene Linux-Kernel Patches, welche ein System komplett IPMI f\"ahig machen. Diverse Server-Distributionen haben diese Erweiterungen bereits enthalten.},
  organization={Corey Minyard},
  year=2010,
  month=nov
}
@MISC{vala,
  howpublished={\\\url{http://live.gnome.org/Vala}},
  title={VALA ist eine C\# ähnliche Programmiersprache und Compiler, welche den Sourcecode zuerst nach C wandelt und diesen C-Code anschliessend kompiliert.},
  organization={The GNOME Project},
  year=2010,
  month=nov
}
@MISC{lua,
  howpublished={\\\url{http://www.lua.org/}},
  title={LUA, Portgiesisch f\"ur Mond, ist eine Erweiterung für Programmiersprachen zur einfachen Implementierung von zusätzlichen Funktionen und Abl\"aufen.},
  organization={Departamento de Inform\'atica, PUC-Rio},
  year=2010,
  month=nov
}
@MISC{glib,
  howpublished={\\\url{http://library.gnome.org/devel/glib/stable/}},
  title={GLib ist eine C-Utility-Library welche Datentypen, Makros, Stringfunktionen und vieles mehr bietet. Die GLib steht unter der GNU LGPL und ist für fast jede Platform (Unix-Like, Win32, OS/2, BeOS) erhältlich.},
  organization={The GTK+ Team, The GNOME Project},
  year=2010,
  month=nov
}
@MISC{gee,
  howpublished={\\\url{http://live.gnome.org/Libgee}},
  title={Libgee ist Collection-Library basierend auf GObject der GLib. Libgee bietet HashMaps, Iteratoren, Queues und weiteres an. Diese Library ist in Vala geschrieben und kann wie jede GObject-basierende C-Library gebraucht werden.},
  organization={The GNOME Project},
  year=2010,
  month=nov
}
@MISC{gio,
  howpublished={\\\url{http://library.gnome.org/devel/gio/stable/}},
  title={GIO ist eine auf der GLib basierende Library, welche platformübergreifende Funktionalitäten im I/O-Bereich (z.B. Datei und Netzwerkzugriffe) gewährleistet.},
  organization={The GNOME Project},
  year=2010,
  month=nov
}
@MISC{netcat,
  howpublished={\\\url{http://netcat.sourceforge.net/}},
  title={Netcat ist ein einfaches Werkzeug um Daten auf das Netzwerk zu senden oder von diesem zu empfangen. Es wird auch als das Schweizer Taschenmesser für Netzwerke betitelt. GNU-Netcat ist eine Reimplementation der originalen Version, welche noch unter \\\url{http://nc110.sourceforge.net/} zu finden ist.},
  organization={The GNOME Project},
  year=2010,
  month=nov
}
@MISC{json,
  howpublished={\\\url{JSON-RPC Working Group}, \\\url{http://www.ietf.org/rfc/rfc4627.txt}},
  title={JSON (Javascript Object Notation) ist ein einfaches Datenaustauschformat, welches speziell f\"ur die Kommunikation zwischen einem Webbrowser und einer Serverapplikation entwickelt worden ist. Es basiert auf JavaScript/ECMAScript und kann durch dieses einfach erstellt und ausgewertet werden.},
  organization={JSON.org},
  year=2006,
  month=july
}
@MISC{json-rpc,
  howpublished={\\\url{http://groups.google.com/group/json-rpc/web/json-rpc-2-0}},
  title={JSON-RPCv2 definiert den RPC (Remote Procedure Call) Standard, basierend auf JSON (Javascript Object Notation).},
  organization={JSON-RPC Working Group},
  year=2010,
  month=march
}
@MISC{json-smd,
  howpublished={\\\url{http://tools.ietf.org/html/draft-zyp-json-schema-03}, \\\url{http://groups.google.com/group/json-schema/web/service-mapping-description-proposal}},
  title={Das JSON Schema, oder SMD (Service Mapping Description), ist ein Entwurf/Draft für die Struktur von Daten im JSON-Format. Bei SMD sollen unter anderem Methoden, Argumente und R\"uckgabewerte beschrieben werden, welche bei einem JSON-RPC Dienst genutzt werden k\"onnen. Zukünftige Entw\"urfe oder finale Versionen sind bei der IETF vermerkt, dieser dritte Entwurf läuft am 26. Mai 2011 aus.},
  organization={IETF},
  year=2010,
  month=march
}

@Book{tannenbaum,
  author={Andrew S. Tannenbaum},
  booktitle={Computernetzwerke},
  title={Computernetzwerke},
  publisher={Pearson Studium},
  isbn={978-3-8273-7046-4},
  year={2003},
  edition={4., \"uberarbeitete Auflage}
}

@Book{kollintelligenz,
  author={Tobey Segaran},
  booktitle={Kollektive Intelligenz},
  title={Kollektive Intelligenz analysieren, programmieren \& nutzen},
  edition={1. Auflage},
  publisher={O'Reilly},
  isbn={978-3-89721-780-5},
  year={2008}
}

@Book{hypercube,
  author={Hans Walser},
  title={Der n-demensionale Hyperw\"urfel, 22. Basler Kolloquium f\"ur Mathematiklehrkr\"afte \\\url{http://www.math.unibas.ch/~walser/Vortraege/Vortrag39/Skript/Hyperwuerfel.pdf}},
  year={2003-11-19}
}
